<?xml version="1.0" encoding="UTF-8"?><collection xmlns="http://www.loc.gov/MARC21/slim"><record><leader>00417nam--2200145-i-4500</leader><controlfield tag="001">000031348</controlfield><controlfield tag="002">20161230</controlfield><controlfield tag="005">20161230201038</controlfield><controlfield tag="008">060222s1000------------r-----000-0-eng-d</controlfield><datafield ind1=" " ind2=" " tag="080"><subfield code="a">517.584=03.20</subfield></datafield><datafield ind1=" " ind2=" " tag="100"><subfield code="a">Mathews, G.B.And Gray, A</subfield></datafield><datafield ind1=" " ind2=" " tag="245"><subfield code="a">Functiile bessel si aplicatiile lor in fizica. trad.din l.engleza</subfield></datafield><datafield ind1=" " ind2=" " tag="260"><subfield code="a">Bucuresti, Ed.Tenica, 1958, 416p</subfield></datafield><datafield ind1=" " ind2=" " tag="852"><subfield code="a">4951</subfield><subfield code="c">517.7</subfield></datafield><datafield ind1=" " ind2=" " tag="CAT"><subfield code="a">Sys</subfield><subfield code="c">20080917</subfield><subfield code="h">102506</subfield></datafield></record></collection>